%!TEX root = draft.tex

@inproceedings{hunt2010zookeeper,
  title={ZooKeeper: Wait-free Coordination for Internet-scale Systems.},
  author={Hunt, Patrick and Konar, Mahadev and Junqueira, Flavio Paiva and Reed, Benjamin},
  booktitle={USENIX annual technical conference},
  volume={8},
  pages={9},
  year={2010}
}

@inproceedings{hindman2011mesos,
  title={Mesos: A Platform for Fine-Grained Resource Sharing in the Data Center.},
  author={Hindman, Benjamin and Konwinski, Andy and Zaharia, Matei and Ghodsi, Ali and Joseph, Anthony D and Katz, Randy H and Shenker, Scott and Stoica, Ion},
  booktitle={NSDI},
  volume={11},
  number={2011},
  pages={22--22},
  year={2011}
}

@article{jacques2016consistent,
  title={Consistent regions: guaranteed tuple processing in IBM streams},
  author={Jacques-Silva, Gabriela and Zheng, Fang and Debrunner, Daniel and Wu, Kun-Lung and Dogaru, Victor and Johnson, Eric and Spicer, Michael and Sariy{\"u}ce, Ahmet Erdem},
  journal={Proceedings of the VLDB Endowment},
  volume={9},
  number={13},
  pages={1341--1352},
  year={2016},
  publisher={VLDB Endowment}
}

@inproceedings{vavilapalli2013apache,
  title={Apache hadoop yarn: Yet another resource negotiator},
  author={Vavilapalli, Vinod Kumar and Murthy, Arun C and Douglas, Chris and Agarwal, Sharad and Konar, Mahadev and Evans, Robert and Graves, Thomas and Lowe, Jason and Shah, Hitesh and Seth, Siddharth and others},
  booktitle={Proceedings of the 4th annual Symposium on Cloud Computing},
  pages={5},
  year={2013},
  organization={ACM}
}

@misc{venkataramandrizzle,
  title={Drizzle: Fast and Adaptable Stream Processing at Scale},
  author={Venkataraman, Shivaram and Panda, Aurojit and Ousterhout, Kay and Ghodsi, Ali and Franklin, Michael J and Recht, Benjamin and Stoica, Ion}
}

@article{low2012distributed,
  title={Distributed GraphLab: a framework for machine learning and data mining in the cloud},
  author={Low, Yucheng and Bickson, Danny and Gonzalez, Joseph and Guestrin, Carlos and Kyrola, Aapo and Hellerstein, Joseph M},
  journal={Proceedings of the VLDB Endowment},
  volume={5},
  number={8},
  pages={716--727},
  year={2012},
  publisher={VLDB Endowment}
}

@article{elnozahy2002survey,
  title={A survey of rollback-recovery protocols in message-passing systems},
  author={Elnozahy, Elmootazbellah Nabil and Alvisi, Lorenzo and Wang, Yi-Min and Johnson, David B},
  journal={ACM Computing Surveys (CSUR)},
  volume={34},
  number={3},
  pages={375--408},
  year={2002},
  publisher={ACM}
}

@article{carbone2015apache,
  title={Apache flink: Stream and batch processing in a single engine},
  author={Carbone, Paris and Ewen, Stephan and Haridi, Seif and Katsifodimos, Asterios and Markl, Volker and Tzoumas, Kostas},
  journal={Data Engineering},
  pages={28},
  year={2015}
}

@inproceedings{chen2000niagaracq,
  title={NiagaraCQ: A scalable continuous query system for internet databases},
  author={Chen, Jianjun and DeWitt, David J and Tian, Feng and Wang, Yuan},
  booktitle={SIGMOD Record},
  year={2000},
  organization={ACM}
}

@inproceedings{cherniack2003scalable,
  title={Scalable Distributed Stream Processing.},
  author={Cherniack, Mitch and Balakrishnan, Hari and Balazinska, Magdalena and Carney, Donald and Cetintemel, Ugur and Xing, Ying and Zdonik, Stanley B},
  booktitle={CIDR},
  volume={3},
  pages={257--268},
  year={2003}
}

@inproceedings{avnur2000eddies,
  title={Eddies: Continuously adaptive query processing},
  author={Avnur, Ron and Hellerstein, Joseph M},
  booktitle={ACM SIGMoD Record},
  volume={29},
  number={2},
  pages={261--272},
  year={2000},
  organization={ACM}
}

@inproceedings{carney2003operator,
  title={Operator scheduling in a data stream manager},
  author={Carney, Don and {\c{C}}etintemel, U{\u{g}}ur and Rasin, Alex and Zdonik, Stan and Cherniack, Mitch and Stonebraker, Mike},
  booktitle={Proceedings of the 29th international conference on Very large data bases-Volume 29},
  pages={838--849},
  year={2003},
  organization={VLDB Endowment}
}

@inproceedings{chandrasekaran2003telegraphcq,
  title={Telegraph{CQ}: continuous dataflow processing},
  author={Chandrasekaran, Sirish and Cooper, Owen and Deshpande, Amol and Franklin, Michael J and Hellerstein, Joseph M and Hong, Wei and Krishnamurthy, Sailesh and Madden, Samuel R and Reiss, Fred and Shah, Mehul A},
  booktitle={Proceedings of the 2003 ACM SIGMOD international conference on Management of data},
  pages={668--668},
  year={2003},
  organization={ACM}
}

@inproceedings{kang2003evaluating,
  title={Evaluating window joins over unbounded streams},
  author={Kang, Jaewoo and Naughton, Jeffrey F and Viglas, Stratis D},
  booktitle={Data Engineering, 2003. Proceedings. 19th International Conference on},
  pages={341--352},
  year={2003},
  organization={IEEE}
}

@inproceedings{gupta2003stream,
  title={Stream processing of XPath queries with predicates},
  author={Gupta, Ashish Kumar and Suciu, Dan},
  booktitle={Proceedings of the 2003 ACM SIGMOD international conference on Management of data},
  pages={419--430},
  year={2003},
  organization={ACM}
}

@inproceedings{arasu2004resource,
  title={Resource sharing in continuous sliding-window aggregates},
  author={Arasu, Arvind and Widom, Jennifer},
  booktitle={VLDB},
  year={2004}
}

@article{li2005no,
  title={No pane, no gain: efficient evaluation of sliding-window aggregates over data streams},
  author={Li, Jin and Maier, David and Tufte, Kristin and Papadimos, Vassilis and Tucker, Peter A},
  journal={ACM SIGMOD Record},
  year={2005}
}

@inproceedings{zhang2005multiple,
  title={Multiple aggregations over data streams},
  author={Zhang, Rui and Koudas, Nick and Ooi, Beng Chin and Srivastava, Divesh},
  booktitle={Proceedings of the 2005 ACM SIGMOD international conference on Management of data},
  pages={299--310},
  year={2005},
  organization={ACM}
}

@inproceedings{krishnamurthy2006fly,
  title={On-the-fly sharing for streamed aggregation},
  author={Krishnamurthy, Sailesh and Wu, Chung and Franklin, Michael},
  booktitle={AMC SIGMOD},
  year={2006}
}

@inproceedings{wu2006high,
  title={High-performance complex event processing over streams},
  author={Wu, Eugene and Diao, Yanlei and Rizvi, Shariq},
  booktitle={Proceedings of the 2006 ACM SIGMOD international conference on Management of data},
  pages={407--418},
  year={2006},
  organization={ACM}
}

@inproceedings{wang2006state,
  title={State-slice: New paradigm of multi-query optimization of window-based stream queries},
  author={Wang, Song and Rundensteiner, Elke and Ganguly, Samrat and Bhatnagar, Sudeept},
  booktitle={Proceedings of the 32nd international conference on Very large data bases},
  pages={619--630},
  year={2006},
  organization={VLDB Endowment}
}

@inproceedings{battre2010nephele,
  title={Nephele/PACTs: a programming model and execution framework for web-scale analytical processing},
  author={Battr{\'e}, Dominic and Ewen, Stephan and Hueske, Fabian and Kao, Odej and Markl, Volker and Warneke, Daniel},
  booktitle={Proceedings of the 1st ACM symposium on Cloud computing},
  pages={119--130},
  year={2010},
  organization={ACM}
}

@inproceedings{guirguis2011optimized,
  title={Optimized processing of multiple aggregate continuous queries},
  author={Guirguis, Shenoda and Sharaf, Mohamed A and Chrysanthis, Panos K and Labrinidis, Alexandros},
  booktitle={Proceedings of the 20th ACM international conference on Information and knowledge management},
  pages={1515--1524},
  year={2011},
  organization={ACM}
}

@article{hirzel2013ibm,
  title={{IBM} {S}treams {P}rocessing {L}anguage: Analyzing big data in motion},
  author={Hirzel, Martin and Andrade, Henrique and Gedik, Bugra and Jacques-Silva, Gabriela and Khandekar, Rohit and Kumar, Vibhore and Mendell, Mark and Nasgaard, Howard and Schneider, Scott and Soul{\'e}, Robert and others},
  journal={IBM Journal of Research and Development},
  volume={57},
  number={3/4},
  pages={7--1},
  year={2013},
  publisher={IBM}
}

@article{gedik2014generic,
  title={Generic windowing support for extensible stream processing systems},
  author={Gedik, Bu{\u{g}}ra},
  journal={Software: Practice and Experience},
  year={2014},
  publisher={Wiley Online Library}
}

@inproceedings{zaharia2012discretized,
  title={Discretized streams: an efficient and fault-tolerant model for stream processing on large clusters},
  author={Zaharia, Matei and Das, Tathagata and Li, Haoyuan and Shenker, Scott and Stoica, Ion},
  booktitle={Proceedings of the 4th USENIX conference on Hot Topics in Cloud Ccomputing},
  pages={10--10},
  year={2012},
  organization={USENIX Association}
}

@article{hirzel2014catalog,
  title={A catalog of stream processing optimizations},
  author={Hirzel, Martin and Soul{\'e}, Robert and Schneider, Scott and Gedik, Bu{\u{g}}ra and Grimm, Robert},
  journal={ACM Computing Surveys (CSUR)},
  volume={46},
  number={4},
  pages={46},
  year={2014},
  publisher={ACM}
}

@article{cql,
  title={The {CQL} continuous query language: semantic foundations and query execution},
  author={Arasu, Arvind and Babu, Shivnath and Widom, Jennifer},
  journal={VLDBJ},
  year={2006}
}


@article{stratosphere,
  title={The {S}tratosphere platform for big data analytics},
  author={Alexandrov, Alexander and Bergmann, Rico and Ewen, Stephan and Freytag, Johann-Christoph and Hueske, Fabian and Heise, Arvid and Kao, Odej and Leich, Marcus and Leser, Ulf and Markl, Volker and others},
  journal={The VLDB Journal -- The International Journal on Very Large Data Bases},
  volume={23},
  number={6},
  pages={939--964},
  year={2014}
}

@inproceedings{alexandrov2015implicit,
  title={{Implicit Parallelism through Deep Language Embedding}},
  author={Alexandrov, Alexander and Kunft, Andreas and Katsifodimos, Asterios and Sch{\"u}ler, Felix and Thamsen, Lauritz and Kao, Odej and Herb, Tobias and Markl, Volker},
  booktitle={ACM SIGMOD},
  pages={47--61},
  year={2015}
}

@article{bernhardt2007esper,
  title={Esper: Event stream processing and correlation},
  author={Bernhardt, Thomas and Vasseur, Alexandre},
  journal={ONJava, O'Reilly},
  year={2007}
}

@inproceedings{murray2013naiad,
  title={Naiad: a timely dataflow system},
  author={Murray, Derek G and McSherry, Frank and Isaacs, Rebecca and Isard, Michael and Barham, Paul and Abadi, Martin},
  booktitle={ACM SOSP},
  year={2013}
}

@article{abadi2003aurora,
  title={Aurora: a new model and architecture for data stream management},
  author={Abadi, Daniel J and Carney, Don and {\c{C}}etintemel, Ugur and Cherniack, Mitch and Convey, Christian and Lee, Sangdon and Stonebraker, Michael and Tatbul, Nesime and Zdonik, Stan},
  journal={VLDBJ},
  year={2003}
}

@article{tsymbal2004conceptDrift,
  title={The problem of concept drift: definitions and related work},
  author={Tsymbal, Alexey},
  journal={Computer Science Department, Trinity College Dublin},
  volume={106},
  year={2004},
  publisher={Citeseer}
}

@inproceedings{tangwongsan2015general,
  title={General incremental sliding-window aggregation},
  author={Tangwongsan, Kanat and Hirzel, Martin and Schneider, Scott and Wu, Kun-Lung},
  booktitle={VLDB},
  year={2015}
}

@inproceedings{guirguis2011optimized,
  title={Optimized processing of multiple aggregate continuous queries},
  author={Guirguis, Shenoda and Sharaf, Mohamed A and Chrysanthis, Panos K and Labrinidis, Alexandros},
  booktitle={Proceedings of the 20th ACM international conference on Information and knowledge management},
  pages={1515--1524},
  year={2011},
  organization={ACM}
}

@inproceedings{klinkenberg2000detecting,
  title={Detecting Concept Drift with Support Vector Machines.},
  author={Klinkenberg, Ralf and Joachims, Thorsten},
  booktitle={ICML},
  pages={487--494},
  year={2000}
}

@inproceedings{bifet2007learning,
  title={Learning from Time-Changing Data with Adaptive Windowing.},
  author={Bifet, Albert and Gavalda, Ricard},
  booktitle={SDM},
  year={2007},
  organization={SIAM}
}

@article{boykin2014summingbird,
  title={Summingbird: A framework for integrating batch and online mapreduce computations},
  author={Boykin, Oscar and Ritchie, Sam and O'Connell, Ian and Lin, Jimmy},
  journal={Proceedings of the VLDB Endowment},
  volume={7},
  number={13},
  pages={1441--1451},
  year={2014},
  publisher={VLDB Endowment}
}

@inproceedings{gonzalez2012powergraph,
  title={PowerGraph: Distributed Graph-Parallel Computation on Natural Graphs.},
  author={Gonzalez, Joseph E and Low, Yucheng and Gu, Haijie and Bickson, Danny and Guestrin, Carlos},
  booktitle={USENIX OSDI},
  year={2012}
}

@article{akidau2015dataflow,
  title={The dataflow model: a practical approach to balancing correctness, latency, and cost in massive-scale, unbounded, out-of-order data processing},
  author={Akidau, Tyler and Bradshaw, Robert and Chambers, Craig and Chernyak, Slava and Fern{\'a}ndez-Moctezuma, Rafael J and Lax, Reuven and McVeety, Sam and Mills, Daniel and Perry, Frances and Schmidt, Eric and others},
  journal={VLDB},
  year={2015}
}

@inproceedings{abadi2005design,
  title={The Design of the {B}orealis Stream Processing Engine.},
  author={Abadi, Daniel J and Ahmad, Yanif and Balazinska, Magdalena and Cetintemel, Ugur and Cherniack, Mitch and Hwang, Jeong-Hyon and Lindner, Wolfgang and Maskey, Anurag and Rasin, Alex and Ryvkina, Esther and others},
  booktitle={CIDR},
  year={2005}
}

@article{arasu2004stream,
  title={Stream: The stanford data stream management system},
  author={Arasu, Arvind and Babcock, Brian and Babu, Shivnath and Cieslewicz, John and Datar, Mayur and Ito, Keith and Motwani, Rajeev and Srivastava, Utkarsh and Widom, Jennifer},
  journal={Book chapter},
  year={2004},
  publisher={Stanford InfoLab}
}

@techreport{yang2012sonora,
  title={Sonora: A platform for continuous mobile-cloud computing},
  author={Yang, Fan and Qian, Zhengping and Chen, Xiuwei and Beschastnikh, Ivan and Zhuang, Li and Zhou, Lidong and Shen, Jacky},
  year={2012},
  institution={Citeseer}
}

@article{cetintemel2014s,
  title={S-store: A streaming new{SQL} system for big velocity applications},
  author={Cetintemel, Ugur and Du, Jiang and Kraska, Tim and Madden, Samuel and Maier, David and Meehan, John and Pavlo, Andrew and Stonebraker, Michael and Sutherland, Erik and Tatbul, Nesime and others},
  journal={Proceedings of the VLDB Endowment},
  volume={7},
  number={13},
  pages={1633--1636},
  year={2014},
  publisher={VLDB Endowment}
}

@misc{CUSTOM:web/stormsux,
  title = "{Windowing and State Snapshotting in Apache Storm}",
  howpublished={\url{https://community.hortonworks.com/articles/14171/windowing-and-state-checkpointing-in-apache-storm.html}}
}

@misc{CUSTOM:web/kingrbea,
  title = "{Rbea: Scalable Real-Time Analytics at King}",
  howpublished={\url{https://techblog.king.com/rbea-scalable-real-time-analytics-king/}}
}

@misc{CUSTOM:web/Cascading,
  title = "{Cascading Project}",
  howpublished={\url{http://www.cascading.org/}}
}

@misc{CUSTOM:web/alibaba,
  title = "{Blink: How Alibaba Uses Apache Flink}",
  howpublished={\url{http://data-artisans.com/blink-flink-alibaba-search/}}
}

@misc{CUSTOM:web/Apache,
  title = "{Apache Software Foundation}",
  howpublished={\url{http://www.apache.org/}}
}

@misc{CUSTOM:web/Kafka,
  title = "{Apache Kafka project}",
  howpublished={\url{http://kafka.apache.org/}}
}

@misc{CUSTOM:web/Storm,
  title = "{Apache Storm project}",
  howpublished={\url{http://storm.apache.org/}}
}

@misc{CUSTOM:web/Samza,
  title = "{Apache Samza project}",
  howpublished={\url{http://samza.apache.org/}}
}

@misc{CUSTOM:web/Hadoop,
  title = "{Apache Hadoop project}",
  howpublished={\url{https://hadoop.apache.org/}}
}

@misc{CUSTOM:web/Drill,
  title = "{Apache Drill project}",
  howpublished={\url{https://drill.apache.org/}}
}

@misc{CUSTOM:web/Dataflow,
  title = "{Google Cloud Dataflow}",
  howpublished={\url{https://cloud.google.com/dataflow/}}
}

@misc{CUSTOM:web/Tez,
  title = "{Apache Tez project}",
  howpublished={\url{https://tez.apache.org/}}
}

@misc{CUSTOM:web/Spark,
  title = "{Apache Spark project}",
  howpublished={\url{http://spark.apache.org/}}
}

@misc{CUSTOM:web/Flink,
  title = "{Apache Flink project}",
  howpublished={\url{http://flink.apache.org/}}
}

@misc{CUSTOM:scala/spec,
  title = "Scala Language Reference",
  howpublished={\url{http://www.scala-lang.org/files/archive/spec/2.11/}}
}

@misc{CUSTOM:web/stream101,
  title = "{The world beyond batch: Streaming 101 by Tyler Akidau}",
  howpublished={\url{https://www.oreilly.com/ideas/the-world-beyond-batch-streaming-101}}
}

@misc{CUSTOM:web/kappaarch,
  title = "{The Kappa Architecture by Jay Kreps}",
  howpublished={\url{http://milinda.pathirage.org/kappa-architecture.com/}}
}

@misc{CUSTOM:web/scalding,
  title = "{Scalding Project}",
  howpublished={\url{http://github.com/twitter/scalding}}
}

@misc{CUSTOM:web/kafkastreams,
  title = "{Introduction to Kafka Streams}",
  howpublished={\url{http://www.confluent.io/blog/introducing-kafka-streams-stream-processing-made-simple}}
}

@misc{CUSTOM:web/apex,
  title = "{The Apache APEX project}",
  howpublished={\url{https://www.datatorrent.com/apex/}}
}

@misc{CUSTOM:web/trident,
  title = "{The Trident Stream Processing Programming Model}",
  howpublished={\url{http://storm.apache.org/releases/0.10.0/Trident-tutorial.html}}
}

@misc{CUSTOM:web/beam,
  title = "{The Apache Beam System}",
  howpublished={\url{https://wiki.apache.org/incubator/BeamProposal}}
}

@misc{CUSTOM:web/beamcapabilitymatrix,
  title = "{Apache Beam Capability Matrix}",
  howpublished={\url{http://beam.apache.org/capability-matrix/}}
}

@misc{streambase2006streambase,
  title={Streambase: Real-time, low latency data processing with a stream processing engine},
  author={StreamBase, I},
  year={2006}
}

@inproceedings{he2010comet,
  title={Comet: batched stream processing for data intensive distributed computing},
  author={He, Bingsheng and Yang, Mao and Guo, Zhenyu and Chen, Rishan and Su, Bing and Lin, Wei and Zhou, Lidong},
  booktitle={Proceedings of the 1st ACM symposium on Cloud computing},
  pages={63--74},
  year={2010},
  organization={ACM}
}

@inproceedings{logothetis2010stateful,
  title={Stateful bulk processing for incremental analytics},
  author={Logothetis, Dionysios and Olston, Christopher and Reed, Benjamin and Webb, Kevin C and Yocum, Ken},
  booktitle={Proceedings of the 1st ACM symposium on Cloud computing},
  pages={51--62},
  year={2010},
  organization={ACM}
}

@article{chandy1985distributed,
  title={Distributed snapshots: determining global states of distributed systems},
  author={Chandy, K Mani and Lamport, Leslie},
  journal={ACM Transactions on Computer Systems (TOCS)},
  volume={3},
  number={1},
  pages={63--75},
  year={1985},
  publisher={ACM}
}

@article{secret,
 author = {Botan, Irina and Derakhshan, Roozbeh and Dindar, Nihal and Haas, Laura and Miller, Ren{\'e}e J. and Tatbul, Nesime},
 title = {SECRET: A Model for Analysis of the Execution Semantics of Stream Processing Systems},
 journal = {VLDB},
 year = {2010}
}

@inproceedings{li2005semantics,
  title={Semantics and evaluation techniques for window aggregates in data streams},
  author={Li, Jin and Maier, David and Tufte, Kristin and Papadimos, Vassilis and Tucker, Peter A},
  booktitle={ACM SIGMOD},
  year={2005}
}

@inproceedings{cranor2003gigascope,
  title={Gigascope: a stream database for network applications},
  author={Cranor, Chuck and Johnson, Theodore and Spataschek, Oliver and Shkapenyuk, Vladislav},
  booktitle={ACM SIGMOD},
  year={2003}
}

@incollection{patroumpas2006window,
  title={Window specification over data streams},
  author={Patroumpas, Kostas and Sellis, Timos},
  booktitle={Current Trends in Database Technology--EDBT 2006},
  pages={445--464},
  year={2006},
  publisher={Springer}
}

@inproceedings{millwheel,
title = {Mill{W}heel: Fault-Tolerant Stream Processing at Internet Scale},
author  = {Tyler Akidau and Alex Balikov and Kaya Bekiroglu and Slava Chernyak and Josh Haberman and Reuven Lax and Sam McVeety and Daniel Mills and Paul Nordstrom and Sam Whittle},
year  = 2013,
booktitle = {VLDB}
}

@inproceedings{heron,
 author = {Kulkarni, Sanjeev and Bhagat, Nikunj and Fu, Maosong and Kedigehalli, Vikas and Kellogg, Christopher and Mittal, Sailesh and Patel, Jignesh M. and Ramasamy, Karthik and Taneja, Siddarth},
 title = {Twitter {H}eron: Stream Processing at Scale},
 booktitle = {ACM SIGMOD},
 year = {2015}
}

@inproceedings{guirguis2011optimized,
  title={Optimized processing of multiple aggregate continuous queries},
  author={Guirguis, Shenoda and Sharaf, Mohamed A and Chrysanthis, Panos K and Labrinidis, Alexandros},
  booktitle={Proceedings of the 20th ACM international conference on Information and knowledge management},
  pages={1515--1524},
  year={2011},
  organization={ACM}
}

@inproceedings{guirguis2012three,
  title={Three-level processing of multiple aggregate continuous queries},
  author={Guirguis, Shenoda and Sharaf, Mohamed A and Chrysanthis, Panos K and Labrinidis, Alexandros},
  booktitle={Data Engineering (ICDE), 2012 IEEE 28th International Conference on},
  pages={929--940},
  year={2012},
  organization={IEEE}
}

@inproceedings{condie2010mapreduce,
  title={MapReduce Online.},
  author={Condie, Tyson and Conway, Neil and Alvaro, Peter and Hellerstein, Joseph M and Elmeleegy, Khaled and Sears, Russell},
  booktitle={NSDI},
  volume={10},
  number={4},
  pages={20},
  year={2010}
}

@article{carbone2015lightweight,
  title={Lightweight Asynchronous Snapshots for Distributed Dataflows},
  author={Carbone, Paris and F{\'o}ra, Gyula and Ewen, Stephan and Haridi, Seif and Tzoumas, Kostas},
  journal={arXiv preprint arXiv:1506.08603},
  year={2015}
}

@inproceedings{carbone2013towards,
  title={Towards Highly Available Complex Event Processing Deployments in the Cloud},
  author={Carbone, Paolo and Vandikas, Konstantinos and Zaloshnja, Farjola},
  booktitle={Next Generation Mobile Apps, Services and Technologies (NGMAST), 2013 Seventh International Conference on},
  pages={153--158},
  year={2013},
  organization={IEEE}
}

@inproceedings{shah2004highly,
  title={Highly available, fault-tolerant, parallel dataflows},
  author={Shah, Mehul A and Hellerstein, Joseph M and Brewer, Eric},
  booktitle={Proceedings of the 2004 ACM SIGMOD international conference on Management of data},
  pages={827--838},
  year={2004},
  organization={ACM}
}

@inproceedings{babcock2002models,
  title={Models and issues in data stream systems},
  author={Babcock, Brian and Babu, Shivnath and Datar, Mayur and Motwani, Rajeev and Widom, Jennifer},
  booktitle={Proceedings of the twenty-first ACM SIGMOD-SIGACT-SIGART symposium on Principles of database systems},
  pages={1--16},
  year={2002},
  organization={ACM}
}

@inproceedings{shah2003flux,
  title={Flux: An adaptive partitioning operator for continuous query systems},
  author={Shah, Mehul A and Hellerstein, Joseph M and Chandrasekaran, Sirish and Franklin, Michael J},
  booktitle={Data Engineering, 2003. Proceedings. 19th International Conference on},
  pages={25--36},
  year={2003},
  organization={IEEE}
}

@inproceedings{brenna2007cayuga,
  title={Cayuga: a high-performance event processing engine},
  author={Brenna, Lars and Demers, Alan and Gehrke, Johannes and Hong, Mingsheng and Ossher, Joel and Panda, Biswanath and Riedewald, Mirek and Thatte, Mohit and White, Walker},
  booktitle={Proceedings of the 2007 ACM SIGMOD international conference on Management of data},
  pages={1100--1102},
  year={2007},
  organization={ACM}
}

@inproceedings{arasu2003stream,
  title={STREAM: the stanford stream data manager (demonstration description)},
  author={Arasu, Arvind and Babcock, Brian and Babu, Shivnath and Datar, Mayur and Ito, Keith and Nishizawa, Itaru and Rosenstein, Justin and Widom, Jennifer},
  booktitle={Proceedings of the 2003 ACM SIGMOD international conference on Management of data},
  pages={665--665},
  year={2003},
  organization={ACM}
}

@article{elin2000amos,
  title={Amos {II} Java Interfaces},
  author={Elin, Daniel and Risch, Tore},
  journal={Uppsala University report},
  year={2000}
}

@article{chandramouli2014trill,
  title={Trill: A high-performance incremental query processor for diverse analytics},
  author={Chandramouli, Badrish and Goldstein, Jonathan and Barnett, Mike and DeLine, Robert and Fisher, Danyel and Platt, John C and Terwilliger, James F and Wernsing, John},
  journal={Proceedings of the VLDB Endowment},
  volume={8},
  number={4},
  pages={401--412},
  year={2014},
  publisher={VLDB Endowment}
}

@inproceedings{kreps2011kafka,
  title={Kafka: A distributed messaging system for log processing},
  author={Kreps, Jay and Narkhede, Neha and Rao, Jun and others},
  year={2011},
  organization={NetDB}
}

@article{zaharia2010spark,
  title={Spark: Cluster Computing with Working Sets.},
  author={Zaharia, Matei and Chowdhury, Mosharaf and Franklin, Michael J and Shenker, Scott and Stoica, Ion},
  journal={HotCloud},
  volume={10},
  pages={10--10},
  year={2010}
}

@article{lamport2001paxos,
  title={Paxos made simple},
  author={Lamport, Leslie and others},
  journal={ACM Sigact News},
  volume={32},
  number={4},
  pages={18--25},
  year={2001}
}

@article{lakshman2010cassandra,
  title={Cassandra: a decentralized structured storage system},
  author={Lakshman, Avinash and Malik, Prashant},
  journal={ACM SIGOPS Operating Systems Review},
  volume={44},
  number={2},
  pages={35--40},
  year={2010},
  publisher={ACM}
}

@article{chang2008bigtable,
  title={Bigtable: A distributed storage system for structured data},
  author={Chang, Fay and Dean, Jeffrey and Ghemawat, Sanjay and Hsieh, Wilson C and Wallach, Deborah A and Burrows, Mike and Chandra, Tushar and Fikes, Andrew and Gruber, Robert E},
  journal={ACM Transactions on Computer Systems (TOCS)},
  volume={26},
  number={2},
  pages={4},
  year={2008},
  publisher={ACM}
}

@article{balazinska2008fault,
  title={Fault-tolerance in the {B}orealis distributed stream processing system},
  author={Balazinska, Magdalena and Balakrishnan, Hari and Madden, Samuel R and Stonebraker, Michael},
  journal={ACM Transactions on Database Systems (TODS)},
  volume={33},
  number={1},
  pages={3},
  year={2008},
  publisher={ACM}
}

@incollection{balazinska2009fault,
  title={Fault-tolerance and high availability in data stream management systems},
  author={Balazinska, Magdalena and Hwang, Jeong-Hyon and Shah, Mehul A},
  booktitle={Encyclopedia of Database Systems},
  pages={1109--1115},
  year={2009},
  publisher={Springer}
}

@inproceedings{chambers2010flumejava,
  title={Flume{J}ava: easy, efficient data-parallel pipelines},
  author={Chambers, Craig and Raniwala, Ashish and Perry, Frances and Adams, Stephen and Henry, Robert R and Bradshaw, Robert and Weizenbaum, Nathan},
  booktitle={ACM Sigplan Notices},
  volume={45},
  number={6},
  pages={363--375},
  year={2010},
  organization={ACM}
}
@inproceedings{toshniwal2014storm,
  title={Storm @ {T}witter},
  author={Toshniwal, Ankit and Taneja, Siddarth and Shukla, Amit and Ramasamy, Karthik and Patel, Jignesh M and Kulkarni, Sanjeev and Jackson, Jason and Gade, Krishna and Fu, Maosong and Donham, Jake and others},
  booktitle={Proceedings of the 2014 ACM SIGMOD international conference on Management of data},
  pages={147--156},
  year={2014},
  organization={ACM}
}

@book{marz2015big,
  title={Big Data: Principles and best practices of scalable realtime data systems},
  author={Marz, Nathan and Warren, James},
  year={2015},
  publisher={Manning Publications Co.}
}

@book{steven1997advanced,
  title={Advanced compiler design implementation},
  author={Steven S. Muchnick},
  year={1997},
  publisher={Morgan Kaufmann}
}

@article{johnston2004advances,
  title={Advances in dataflow programming languages},
  author={Johnston, Wesley M and Hanna, JR and Millar, Richard J},
  journal={ACM Computing Surveys (CSUR)},
  volume={36},
  number={1},
  pages={1--34},
  year={2004},
  publisher={ACM}
}

@inproceedings{iyer2015celliq,
  title={Cell{IQ}: real-time cellular network analytics at scale},
  author={Iyer, Anand and Li, Li Erran and Stoica, Ion},
  booktitle={12th USENIX Symposium on Networked Systems Design and Implementation (NSDI 15)},
  pages={309--322},
  year={2015}
}

@inproceedings{han2014chronos,
  title={Chronos: a graph engine for temporal graph analysis},
  author={Han, Wentao and Miao, Youshan and Li, Kaiwei and Wu, Ming and Yang, Fan and Zhou, Lidong and Prabhakaran, Vijayan and Chen, Wenguang and Chen, Enhong},
  booktitle={Proceedings of the Ninth European Conference on Computer Systems},
  pages={1},
  year={2014},
  organization={ACM}
}

@inproceedings{webber2012programmatic,
  title={A programmatic introduction to {N}eo4j},
  author={Webber, Jim},
  booktitle={Proceedings of the 3rd annual conference on Systems, programming, and applications: software for humanity},
  pages={217--218},
  year={2012},
  organization={ACM}
}

@article{sarma2011estimating,
  title={Estimating pagerank on graph streams},
  author={Sarma, Atish Das and Gollapudi, Sreenivas and Panigrahy, Rina},
  journal={Journal of the ACM (JACM)},
  volume={58},
  number={3},
  pages={13},
  year={2011},
  publisher={ACM}
}

@article{feigenbaum2008graph,
  title={Graph distances in the data-stream model},
  author={Feigenbaum, Joan and Kannan, Sampath and McGregor, Andrew and Suri, Siddharth and Zhang, Jian},
  journal={SIAM Journal on Computing},
  volume={38},
  number={5},
  pages={1709--1727},
  year={2008},
  publisher={SIAM}
}

@article{mcgregor2014graph,
  title={Graph stream algorithms: A survey},
  author={McGregor, Andrew},
  journal={ACM SIGMOD Record},
  volume={43},
  number={1},
  pages={9--20},
  year={2014},
  publisher={ACM}
}

@article{kourtellis2014scalable,
  title={Scalable online betweenness centrality in evolving graphs},
  author={Kourtellis, Nicolas and Morales, Gianmarco De Francisci and Bonchi, Francesco},
  journal={arXiv preprint arXiv:1401.6981},
  year={2014}
}

@inproceedings{buriol2006counting,
  title={Counting triangles in data streams},
  author={Buriol, Luciana S and Frahling, Gereon and Leonardi, Stefano and Marchetti-Spaccamela, Alberto and Sohler, Christian},
  booktitle={Proceedings of the twenty-fifth ACM SIGMOD-SIGACT-SIGART symposium on Principles of database systems},
  pages={253--262},
  year={2006},
  organization={ACM}
}

@article{mcgregor2009graph,
  title={Graph mining on streams},
  author={McGregor, Andrew},
  journal={Encyclopedia of Database Systems},
  pages={1271--1275},
  year={2009},
  publisher={Springer}
}

@article{mondalstream,
  title={Stream Querying and Reasoning on Social Data},
  author={Mondal, Jayanta and Deshpande, Amol},
  publisher={Citeseer}
}

@inproceedings{becchetti2008efficient,
  title={Efficient semi-streaming algorithms for local triangle counting in massive graphs},
  author={Becchetti, Luca and Boldi, Paolo and Castillo, Carlos and Gionis, Aristides},
  booktitle={Proceedings of the 14th ACM SIGKDD international conference on Knowledge discovery and data mining},
  pages={16--24},
  year={2008},
  organization={ACM}
}

@inproceedings{cormode2005space,
  title={Space efficient mining of multigraph streams},
  author={Cormode, Graham and Muthukrishnan, S},
  booktitle={Proceedings of the twenty-fourth ACM SIGMOD-SIGACT-SIGART symposium on Principles of database systems},
  pages={271--282},
  year={2005},
  organization={ACM}
}

@inproceedings{stanton2012streaming,
  title={Streaming graph partitioning for large distributed graphs},
  author={Stanton, Isabelle and Kliot, Gabriel},
  booktitle={Proceedings of the 18th ACM SIGKDD international conference on Knowledge discovery and data mining},
  pages={1222--1230},
  year={2012},
  organization={ACM}
}

@article{thaler2014semi,
  title={Semi-Streaming Algorithms for Annotated Graph Streams},
  author={Thaler, Justin},
  journal={arXiv preprint arXiv:1407.3462},
  year={2014}
}

@inproceedings{cheng2012kineograph,
  title={Kineograph: taking the pulse of a fast-changing and connected world},
  author={Cheng, Raymond and Hong, Ji and Kyrola, Aapo and Miao, Youshan and Weng, Xuetian and Wu, Ming and Yang, Fan and Zhou, Lidong and Zhao, Feng and Chen, Enhong},
  booktitle={Proceedings of the 7th ACM european conference on Computer Systems},
  pages={85--98},
  year={2012},
  organization={ACM}
}

@inproceedings{hant2014chronos,
  title={Chronos: a graph engine for temporal graph analysis},
  author={Hant, Wentao and Miao, Youshan and Li, Kaiwei and Wu, Ming and Yang, Fan and Zhou, Lidong and Prabhakaran, Vijayan and Chen, Wenguang and Chen, Enhong},
  booktitle={Proceedings of the Ninth European Conference on Computer Systems},
  pages={1},
  year={2014},
  organization={ACM}
}

@article{demetrescu2009trading,
  title={Trading off space for passes in graph streaming problems},
  author={Demetrescu, Camil and Finocchi, Irene and Ribichini, Andrea},
  journal={ACM Transactions on Algorithms (TALG)},
  volume={6},
  number={1},
  pages={6},
  year={2009},
  publisher={ACM}
}

@inproceedings{aggarwal2004streaming,
  title={On the streaming model augmented with a sorting primitive},
  author={Aggarwal, Gagan and Datar, Mayur and Rajagopalan, Sridhar and Ruhl, Matthias},
  booktitle={Foundations of Computer Science, 2004. Proceedings. 45th Annual IEEE Symposium on},
  pages={540--549},
  year={2004},
  organization={IEEE}
}

@inproceedings{malewicz2010pregel,
  title={Pregel: a system for large-scale graph processing},
  author={Malewicz, Grzegorz and Austern, Matthew H and Bik, Aart JC and Dehnert, James C and Horn, Ilan and Leiser, Naty and Czajkowski, Grzegorz},
  booktitle={Proceedings of the 2010 ACM SIGMOD International Conference on Management of data},
  pages={135--146},
  year={2010},
  organization={ACM}
}

@article{avery2011giraph,
  title={Giraph: Large-scale graph processing infrastructure on hadoop},
  author={Avery, Ching},
  journal={Proceedings of the Hadoop Summit. Santa Clara},
  year={2011}
}

@inproceedings{xin2013graphx,
  title={Graph{X}: A resilient distributed graph system on {S}park},
  author={Xin, Reynold S and Gonzalez, Joseph E and Franklin, Michael J and Stoica, Ion},
  booktitle={First International Workshop on Graph Data Management Experiences and Systems},
  pages={2},
  year={2013},
  organization={ACM}
}

@inproceedings{rt-graph,
 author = {Cai, Zhuhua and Logothetis, Dionysios and Siganos, Georgos},
 title = {Facilitating Real-time Graph Mining},
  series = {CloudDB '12},
 pages = {1--8},
 publisher = {ACM},
}

@article{Feigenbaum2005,
 author = {Feigenbaum, Joan and Kannan, Sampath and McGregor, Andrew and Suri, Siddharth and Zhang, Jian},
 title = {On Graph Problems in a Semi-streaming Model},
 journal = {Theor. Comput. Sci.},
 volume = {348},
 number = {2},
 year = {2005},
 issn = {0304-3975},
 pages = {207--216},
 publisher = {Elsevier Science Publishers Ltd.},
} 

@article{peleg1989graph,
  title={Graph spanners},
  author={Peleg, David and Sch{\"a}ffer, Alejandro A},
  journal={Journal of graph theory},
  volume={13},
  number={1},
  pages={99--116},
  year={1989},
  publisher={Wiley Online Library}
}

@article{mcgregor2014graph,
  title={Graph stream algorithms: a survey},
  author={McGregor, Andrew},
  journal={ACM SIGMOD Record},
  volume={43},
  number={1},
  pages={9--20},
  year={2014},
  publisher={ACM}
}

@inproceedings{ahn2012graph,
  title={Graph sketches: sparsification, spanners, and subgraphs},
  author={Ahn, Kook Jin and Guha, Sudipto and McGregor, Andrew},
  booktitle={Proceedings of the 31st symposium on Principles of Database Systems},
  pages={5--14},
  year={2012},
  organization={ACM}
}

@inproceedings{kyrola2012graphchi,
  title={Graphchi: Large-scale graph computation on just a pc},
  author={Kyrola, Aapo and Blelloch, Guy and Guestrin, Carlos},
  booktitle={Presented as part of the 10th USENIX Symposium on Operating Systems Design and Implementation (OSDI 12)},
  pages={31--46},
  year={2012}
}

@article{bifet2010moa,
  title={Moa: Massive online analysis},
  author={Bifet, Albert and Holmes, Geoff and Kirkby, Richard and Pfahringer, Bernhard},
  journal={The Journal of Machine Learning Research},
  volume={11},
  pages={1601--1604},
  year={2010},
  publisher={JMLR. org}
}

@article{de2015samoa,
  title={Samoa: Scalable advanced massive online analysis},
  author={De Francisci Morales, Gianmarco and Bifet, Albert},
  journal={The Journal of Machine Learning Research},
  volume={16},
  number={1},
  pages={149--153},
  year={2015},
  publisher={JMLR. org}
}

@inproceedings{bifet2009new,
  title={New ensemble methods for evolving data streams},
  author={Bifet, Albert and Holmes, Geoff and Pfahringer, Bernhard and Kirkby, Richard and Gavald{\`a}, Ricard},
  booktitle={Proceedings of the 15th ACM SIGKDD international conference on Knowledge discovery and data mining},
  pages={139--148},
  year={2009},
  organization={ACM}
}

@incollection{bifet2009adaptive,
  title={Adaptive learning from evolving data streams},
  author={Bifet, Albert and Gavald{\`a}, Ricard},
  booktitle={Advances in Intelligent Data Analysis VIII},
  pages={249--260},
  year={2009},
  publisher={Springer}
}

@article{hirzel2009spl,
  title={{SPL} stream processing language specification},
  author={Hirzel, Martin and Andrade, Henrique and Gedik, Bugra and Kumar, Vibhore and Losa, Giuliano and Nasgaard, MMH and Soule, R and Wu, KL},
  journal={NewYork: IBMResearchDivisionTJ. WatsonResearchCenter, IBM ResearchReport: RC24897 (W0911 044)},
  year={2009}
}

@article{dayal1988hipac,
  title={The {H}i{PAC} project: Combining active databases and timing constraints},
  author={Dayal, Umeshwar and Blaustein, Barbara and Buchmann, Alex and Chakravarthy, Upen and Hsu, Meichun and Ledin, R and McCarthy, Dennis and Rosenthal, Arnon and Sarin, Sunil and Carey, Michael J. and others},
  journal={ACM Sigmod Record},
  volume={17},
  number={1},
  pages={51--70},
  year={1988},
  publisher={ACM}
}

@inproceedings{isard2007dryad,
    title={Dryad: distributed data-parallel programs from sequential building blocks},
    author={Isard, Michael and Budiu, Mihai and Yu, Yuan and Birrell, Andrew and Fetterly, Dennis},
    booktitle={ACM SIGOPS Operating Systems Review},
    volume={41},
    number={3},
    pages={59--72},
    year={2007},
    organization={ACM}
}

@inproceedings{yu2008dryadlinq,
    title={DryadLINQ: A System for General-Purpose Distributed Data-Parallel Computing Using a High-Level Language.},
    author={Yu, Yuan and Isard, Michael and Fetterly, Dennis and Budiu, Mihai and Erlingsson, {\'U}lfar and Gunda, Pradeep Kumar and Currey, Jon}
}

@article{lamport1978time,
    title={Time, clocks, and the ordering of events in a distributed system},
    author={Lamport, Leslie},
    journal={Communications of the ACM},
    volume={21},
    number={7},
    pages={558--565},
    year={1978},
    publisher={ACM}
}

@inproceedings{srivastava2004flexible,
    title={Flexible time management in data stream systems},
    author={Srivastava, Utkarsh and Widom, Jennifer},
    booktitle={Proceedings of the twenty-third ACM SIGMOD-SIGACT-SIGART symposium on Principles of database systems},
    pages={263--274},
    year={2004},
    organization={ACM}
}

@inproceedings{maier2005semantics,
    title={Semantics of data streams and operators},
    author={Maier, David and Li, Jin and Tucker, Peter and Tufte, Kristin and Papadimos, Vassilis},
    booktitle={International Conference on Database Theory},
    pages={37--52},
    year={2005},
    organization={Springer}
}

@inproceedings{arasu2004linear,
  title={Linear road: a stream data management benchmark},
  author={Arasu, Arvind and Cherniack, Mitch and Galvez, Eduardo and Maier, David and Maskey, Anurag S and Ryvkina, Esther and Stonebraker, Michael and Tibbetts, Richard},
  booktitle={Proceedings of the Thirtieth international conference on Very large data bases-Volume 30},
  pages={480--491},
  year={2004},
  organization={VLDB Endowment}
}

@misc{CUSTOM:web/yahoobenh,
  title = {Benchmarking Streaming Computation Engines at {Y}ahoo!},
  howpublished={\\\url{https://yahooeng.tumblr.com/post/135321837876/benchmarking-streaming-computation-engines-at}}
}


@article{dean2008mapreduce,
  title={MapReduce: simplified data processing on large clusters},
  author={Dean, Jeffrey and Ghemawat, Sanjay},
  journal={Communications of the ACM},
  volume={51},
  number={1},
  pages={107--113},
  year={2008},
  publisher={ACM}
}

@inproceedings{fernandez2014making,
  title={Making state explicit for imperative big data processing},
  author={Fernandez, Raul Castro and Migliavacca, Matteo and Kalyvianaki, Evangelia and Pietzuch, Peter},
  booktitle={2014 USENIX Annual Technical Conference (USENIX ATC 14)},
  pages={49--60},
  year={2014}
}

@inproceedings{castro2013integrating,
  title={Integrating scale out and fault tolerance in stream processing using operator state management},
  author={Castro Fernandez, Raul and Migliavacca, Matteo and Kalyvianaki, Evangelia and Pietzuch, Peter},
  booktitle={Proceedings of the 2013 ACM SIGMOD international conference on Management of data},
  pages={725--736},
  year={2013},
  organization={ACM}
}

@article{liu1999continual,
  title={Continual queries for internet scale event-driven information delivery},
  author={Liu, Ling and Pu, Calton and Tang, Wei},
  journal={IEEE Transactions on Knowledge and Data Engineering},
  volume={11},
  number={4},
  pages={610--628},
  year={1999},
  publisher={IEEE}
}

@article{cugola2012processing,
  title={Processing flows of information: From data stream to complex event processing},
  author={Cugola, Gianpaolo and Margara, Alessandro},
  journal={ACM Computing Surveys (CSUR)},
  volume={44},
  number={3},
  pages={15},
  year={2012},
  publisher={ACM}
}

@article{liu2003survey,
  title={Survey of publish subscribe event systems},
  author={Liu, Ying and Plale, Beth and others},
  journal={Computer Science Dept, Indian University},
  volume={16},
  year={2003}
}

@article{carzaniga2001design,
  title={Design and evaluation of a wide-area event notification service},
  author={Carzaniga, Antonio and Rosenblum, David S and Wolf, Alexander L},
  journal={ACM Transactions on Computer Systems (TOCS)},
  volume={19},
  number={3},
  pages={332--383},
  year={2001},
  publisher={ACM}
}

@inproceedings{neumeyer2010s4,
  title={S4: Distributed stream computing platform},
  author={Neumeyer, Leonardo and Robbins, Bruce and Nair, Anish and Kesari, Anand},
  booktitle={2010 IEEE International Conference on Data Mining Workshops},
  pages={170--177},
  year={2010},
  organization={IEEE}
}

@article{carbone2015flink,
 title={Apache {F}link: Stream and Batch Processing in a Single Engine},
 author={Carbone, Paris and Ewen, Stephan and Haridi, Seif and Katsifodimos, Asterios and Markl, Volker and Tzoumas, Kostas},
 journal={IEEE Data Engineering Bulletin},
 year={2015}
}

@phdthesis{mishra1991snoop,
  title={SNOOP: an event specification language for active database systems},
  author={Mishra, Deepak},
  year={1991},
  school={University of Florida}
}

@article{gatziu1992samos,
  title={SAMOS: An active object-oriented database system},
  author={Gatziu, Stella and Dittrich, Klaus R.},
  journal={IEEE Data Eng. Bull.},
  volume={15},
  number={1-4},
  pages={23--26},
  year={1992}
}

@misc{CUSTOM:web/FlinkSQL,
  title = "{Stream Processing for Everyone with SQL and Apache Flink}",
  howpublished={\url{https://flink.apache.org/news/2016/05/24/stream-sql.html}}
}

@misc{CUSTOM:web/SparkStructuredStreaming,
  title = "{Introduction to Spark's Structured Streaming}",
  howpublished={\url{https://www.oreilly.com/learning/apache-spark-2-0--introduction-to-structured-streaming}}
}


@article{delta,
  title={Delta: Scalable data dissemination under capacity constraints},
  author={Karanasos, Konstantinos and Katsifodimos, Asterios and Manolescu, Ioana},
  journal={Proceedings of the VLDB Endowment},
  volume={7},
  number={4},
  pages={217--228},
  year={2013},
  publisher={VLDB Endowment}
}

@article{gedik2014partitioning,
  title={Partitioning functions for stateful data parallelism in stream processing},
  author={Gedik, Bu{\u{g}}ra},
  journal={The VLDB Journal},
  volume={23},
  number={4},
  pages={517--539},
  year={2014},
  publisher={Springer}
}

@article{kallman2008h,
  title={H-store: a high-performance, distributed main memory transaction processing system},
  author={Kallman, Robert and Kimura, Hideaki and Natkins, Jonathan and Pavlo, Andrew and Rasin, Alexander and Zdonik, Stanley and Jones, Evan PC and Madden, Samuel and Stonebraker, Michael and Zhang, Yang and others},
  journal={Proceedings of the VLDB Endowment},
  volume={1},
  number={2},
  pages={1496--1499},
  year={2008},
  publisher={VLDB Endowment}
}

@book{luckham2002power,
  title={The power of events},
  author={Luckham, David},
  volume={204},
  year={2002},
  publisher={Addison-Wesley Reading}
}

@article{li2008out,
  title={Out-of-order processing: a new architecture for high-performance stream systems},
  author={Li, Jin and Tufte, Kristin and Shkapenyuk, Vladislav and Papadimos, Vassilis and Johnson, Theodore and Maier, David},
  journal={Proceedings of the VLDB Endowment},
  volume={1},
  number={1},
  pages={274--288},
  year={2008},
  publisher={VLDB Endowment}
}

@inproceedings{carbone2015cutty,
  title={Cutty: Aggregate Sharing for User-Defined Windows},
  author={Carbone, Paris and Traub, Jonas and Katsifodimos, Asterios and Haridi, Seif and Markl, Volker},
  booktitle={Proceedings of the 25th ACM International on Conference on Information and Knowledge Management},
  year={2016},
  organization={ACM}
}

@article{dindar2013modeling,
  title={Modeling the execution semantics of stream processing engines with SECRET},
  author={Dindar, Nihal and Tatbul, Nesime and Miller, Ren{\'e}e J and Haas, Laura M and Botan, Irina},
  journal={The VLDB Journal},
  volume={22},
  number={4},
  pages={421--446},
  year={2013},
  publisher={Springer}
}

@article{kipfanalytics,
  title={Analytics on Fast Data: Main-Memory Database Systems versus Modern Streaming Systems},
  author={Kipf, Andreas and Pandey, Varun and B{\"o}ttcher, Jan and Braun, Lucas and Neumann, Thomas and Kemper, Alfons}
}

@inproceedings{wang2012meteor,
  title={Meteor shower: A reliable stream processing system for commodity data centers},
  author={Wang, Huayong and Peh, Li-Shiuan and Koukoumidis, Emmanouil and Tao, Shao and Chan, Mun Choon},
  booktitle={Parallel \& Distributed Processing Symposium (IPDPS), 2012 IEEE 26th International},
  pages={1180--1191},
  year={2012},
  organization={IEEE}
}

@article{corbett2013spanner,
  title={Spanner: Google’s globally distributed database},
  author={Corbett, James C and Dean, Jeffrey and Epstein, Michael and Fikes, Andrew and Frost, Christopher and Furman, Jeffrey John and Ghemawat, Sanjay and Gubarev, Andrey and Heiser, Christopher and Hochschild, Peter and others},
  journal={ACM Transactions on Computer Systems (TOCS)},
  volume={31},
  number={3},
  pages={8},
  year={2013},
  publisher={ACM}
}

@misc{CUSTOM:web/dartisanssurvey,
  title = "{Flink User Survey by dataArtisans}",
  howpublished={\url{http://data-artisans.com/flink-user-survey-2016-part-1/}, \url{http://data-artisans.com/flink-user-survey-2016-part-2/}}
}

@misc{CUSTOM:web/flinkforward,
  title = "{Flink Forward: The Premier Conference on Apache Flink}",
  howpublished={\url{http://flink-forward.org/}}
}

@article{decandia2007dynamo,
  title={Dynamo: amazon's highly available key-value store},
  author={DeCandia, Giuseppe and Hastorun, Deniz and Jampani, Madan and Kakulapati, Gunavardhan and Lakshman, Avinash and Pilchin, Alex and Sivasubramanian, Swaminathan and Vosshall, Peter and Vogels, Werner},
  journal={ACM SIGOPS operating systems review},
  volume={41},
  number={6},
  pages={205--220},
  year={2007},
  publisher={ACM}
}
